@book{aho2003compilers,
  title={Compilers: Principles, Techniques and Tools (for Anna University), 2/e},
  author={Aho, Alfred V},
  year={2003},
  publisher={Pearson Education India}
}

@article{weinberg1983kill,
  title={Kill that code!},
  author={Weinberg, Gerald M},
  journal={Infosystems},
  volume={30},
  pages={48--49},
  year={1983}
}

@inproceedings{binkley1995reducing,
  title={Reducing the cost of regression testing by semantics guided test case selection},
  author={Binkley, David},
  booktitle={Software Maintenance, 1995. Proceedings., International Conference on},
  pages={251--260},
  year={1995},
  organization={IEEE}
}

@book{reps1988semantics,
  title={The semantics of program slicing},
  author={Reps, Thomas and Yang, Wuu},
  year={1988},
  publisher={University of Wisconsin-Madison, Computer Sciences Department}
}

@inproceedings{rosenblum1997comparative,
  title={A comparative study of regression test selection techniques},
  author={Rosenblum, Dave and Rothermel, Gregg},
  booktitle={Proc. of the 2nd Intâ€™l. workshop on Empir. Studies of Softw. Maint},
  year={1997},
  organization={Citeseer}
}

@article{rosenblum1997lessons,
  title={Lessons learned from a regression testing case study},
  author={Rosenblum, David S and Weyuker, Elaine J},
  journal={Empirical Software Engineering},
  volume={2},
  number={2},
  pages={188--191},
  year={1997},
  publisher={Springer}
}

@article{rothermel1998empirical,
  title={Empirical studies of a safe regression test selection technique},
  author={Gregg Rothermel and Mary Jean Harrold},
  journal={IEEE Transactions on Software Engineering},
  volume={24},
  number={6},
  pages={401--419},
  year={1998},
  publisher={IEEE}
}

@inproceedings{harrold2001regression,
  title={Regression test selection for Java software},
  author={Harrold, Mary Jean and Jones, James A and Li, Tongyu and Liang, Donglin and Orso, Alessandro and Pennings, Maikel and Sinha, Saurabh and Spoon, S Alexander and Gujarathi, Ashish},
  booktitle={ACM SIGPLAN Notices},
  volume={36},
  number={11},
  pages={312--326},
  year={2001},
  organization={ACM}
}

@article{vipin2011model,
	author = {Vipin Kumar K S and Sheena Mathew},
	title = {A Model Based Approach For Regression Testing Utilizing Distributed Architecture},
	journal = {International Journal of Computer Applications},
	year = {2011},
	volume = {16},
	number = {2},
	pages = {26--31},
	month = {February},
	note = {Published by Foundation of Computer Science}
}

@inproceedings{graves1998empirical,
  title={An empirical study of regression test selection techniques},
  author={Graves, Todd L and Harrold, Mary Jean and Kim, Jung-Min and Porter, Adam and Rothermel, Gregg},
  booktitle={Proceedings of the 20th international conference on Software engineering},
  pages={188--197},
  year={1998},
  organization={IEEE Computer Society}
}

@inproceedings{zhao1999slicing,
  title={Slicing concurrent Java programs},
  author={Zhao, Jianjun},
  booktitle={Program Comprehension, 1999. Proceedings. Seventh International Workshop on},
  pages={126--133},
  year={1999},
  organization={IEEE}
}

@article{chen2001slicing,
  title={Slicing concurrent java programs},
  author={Chen, Zhenqiang and Xu, Baowen},
  journal={ACM Sigplan Notices},
  volume={36},
  number={4},
  pages={41--47},
  year={2001},
  publisher={ACM}
}

@inproceedings{walkinshaw2003java,
  title={The Java system dependence graph},
  author={Walkinshaw, Neil and Roper, Marc and Wood, Murray},
  booktitle={Source Code Analysis and Manipulation, 2003. Proceedings. Third IEEE International Workshop on},
  pages={55--64},
  year={2003},
  organization={IEEE}
}

@inproceedings{dietrich2008cluster,
 author = {Dietrich, Jens and Yakovlev, Vyacheslav and McCartin, Catherine and Jenson, Graham and Duchrow, Manfred},
 title = {Cluster Analysis of Java Dependency Graphs},
 booktitle = {Proceedings of the 4th ACM Symposium on Software Visualization},
 series = {SoftVis '08},
 year = {2008},
 isbn = {978-1-60558-112-5},
 location = {Ammersee, Germany},
 pages = {91--94},
 numpages = {4},
 url = {http://doi.acm.org/10.1145/1409720.1409735},
 doi = {10.1145/1409720.1409735},
 acmid = {1409735},
 publisher = {ACM},
 address = {New York, NY, USA},
 keywords = {anti-pattern detection, cluster analysis, dependency analysis, refactoring},
}

@article{rothermel2000regression,
  title={Regression test selection for C++ software},
  author={Rothermel, Gregg and Harrold, Mary Jean and Dedhia, Jeinay},
  journal={Software Testing Verification and Reliability},
  volume={10},
  number={2},
  pages={77--109},
  year={2000},
  publisher={Chichester, Sussex, England: J. Wiley, c1992-}
}

@article{rothermel1997safe,
  title={A safe, efficient regression test selection technique},
  author={Rothermel, Gregg and Harrold, Mary Jean},
  journal={ACM Transactions on Software Engineering and Methodology (TOSEM)},
  volume={6},
  number={2},
  pages={173--210},
  year={1997},
  publisher={ACM}
}

@inproceedings{chen1994testtube,
  title={TestTube: A system for selective regression testing},
  author={Chen, Yih-Farn and Rosenblum, David S and Vo, Kiem-Phong},
  booktitle={Proceedings of the 16th international conference on Software engineering},
  pages={211--220},
  year={1994},
  organization={IEEE Computer Society Press}
}

@incollection{vokolos1997pythia,
  title={Pythia: a regression test selection tool based on textual differencing},
  author={Vokolos, FI and Frankl, PG},
  booktitle={Reliability, quality and safety of software-intensive systems},
  pages={3--21},
  year={1997},
  publisher={Springer}
}

@article{ball1998limit,
  title={On the limit of control flow analysis for regression test selection},
  author={Ball, Thomas},
  journal={ACM SIGSOFT Software Engineering Notes},
  volume={23},
  number={2},
  pages={134--142},
  year={1998},
  publisher={ACM}
}

@inproceedings{ostrand1988using,
  title={Using dataflow analysis for regression testing},
  author={Ostrand, Thomas J and Weyuker, Elaine J},
  booktitle={Proceedings of the Sixth Annual Pacific Northwest Software Quality Conference},
  pages={233--47},
  year={1988}
}

@inproceedings{taha1989approach,
  title={An approach to software fault localization and revalidation based on incremental data flow analysis},
  author={Taha, A-B and Thebaut, Stephen M and Liu, S-S},
  booktitle={Computer Software and Applications Conference, 1989. COMPSAC 89., Proceedings of the 13th Annual International},
  pages={527--534},
  year={1989},
  organization={IEEE}
}

@inproceedings{harrold1988incremental,
  title={An incremental approach to unit testing during maintenance},
  author={Harrold, Mary Jean and Souffa, ML},
  booktitle={Software Maintenance, 1988., Proceedings of the Conference on},
  pages={362--367},
  year={1988},
  organization={IEEE}
}

@article{rapps1985selecting,
  title={Selecting software test data using data flow information},
  author={Rapps, Sandra and Weyuker, Elaine J.},
  journal={Software Engineering, IEEE Transactions on},
  number={4},
  pages={367--375},
  year={1985},
  publisher={IEEE}
}

@TechReport{marick1990effectiveness,
  author = 	 {Brian Marick},
  title = 	 {A survey of test effectiveness and cost studies},
  institution =  {University of Illinois},
  year = 	 1990
}

@article{howden1976reliability,
  title={Reliability of the path analysis testing strategy},
  author={Howden, William E.},
  journal={Software Engineering, IEEE Transactions on},
  number={3},
  pages={208--215},
  year={1976},
  publisher={IEEE}
}

@article{white1997firewall,
  title={A firewall approach for regression testing of object-oriented software},
  author={White, LJ and Abdullah, Khalil},
  journal={Software Quality Week},
  volume={27},
  year={1997}
}

@article{boyd1991complexity,
  title={On the complexity of generating optimal test sequences},
  author={Boyd, Sylvia C. and Ural, Hasan},
  journal={Software Engineering, IEEE Transactions on},
  volume={17},
  number={9},
  pages={976--978},
  year={1991},
  publisher={IEEE}
}

@article{horwitz1990interprocedural,
  title={Interprocedural slicing using dependence graphs},
  author={Horwitz, Susan and Reps, Thomas and Binkley, David},
  journal={ACM Transactions on Programming Languages and Systems (TOPLAS)},
  volume={12},
  number={1},
  pages={26--60},
  year={1990},
  publisher={ACM}
}

@article{clarke1989formal,
  title={A formal evaluation of data flow path selection criteria},
  author={Clarke, Lori A and Podgurski, Andy and Richardson, Debra J. and Zeil, Steven J.},
  journal={Software Engineering, IEEE Transactions on},
  volume={15},
  number={11},
  pages={1318--1332},
  year={1989},
  publisher={IEEE}
}

@inproceedings{bates1993incremental,
  title={Incremental program testing using program dependence graphs},
  author={Bates, Samuel and Horwitz, Susan},
  booktitle={Proceedings of the 20th ACM SIGPLAN-SIGACT symposium on Principles of programming languages},
  pages={384--396},
  year={1993},
  organization={ACM}
}

@article{Garey1976237,
    title = "Some simplified NP-complete graph problems",
    journal = "Theoretical Computer Science ",
    volume = "1",
    number = "3",
    pages = "237 - 267",
    year = "1976",
    note = "",
    issn = "0304-3975",
    doi = "http://dx.doi.org/10.1016/0304-3975(76)90059-1",
    url = "http://www.sciencedirect.com/science/article/pii/0304397576900591",
    author = "M.R. Garey and D.S. Johnson and L. Stockmeyer"
}

@article{kung1996regression,
  title={On regression testing of object-oriented programs},
  author={Kung, David C and Gao, Jerry and Hsia, Pei and Toyoshima, Yasufumi and Chen, Cris},
  journal={Journal of Systems and Software},
  volume={32},
  number={1},
  pages={21--40},
  year={1996},
  publisher={Elsevier}
}

@article{ural2003distributed,
  title={Distributed testing without encountering controllability and observability problems},
  author={Ural, Hasan and Whittier, David},
  journal={Information processing letters},
  volume={88},
  number={3},
  pages={133--141},
  year={2003},
  publisher={Elsevier}
}

@article{cacciari1999controllability,
  title={Controllability and observability in distributed testing},
  author={Cacciari, Leo and Rafiq, Omar},
  journal={Information and Software technology},
  volume={41},
  number={11},
  pages={767--780},
  year={1999},
  publisher={Elsevier}
}

@article{luo1994test,
  title={Test generation with respect to distributed interfaces},
  author={Luo, Gang and Dssouli, Rachida and Venkataram, Pallapa and Ghedamsi, Abderrazak and others},
  journal={Computer Standards \& Interfaces},
  volume={16},
  number={2},
  pages={119--132},
  year={1994},
  publisher={Elsevier}
}

@article{boyd1991synchronization,
  title={The synchronization problem in protocol testing and its complexity},
  author={Boyd, Sylvia and Ural, Hasan},
  journal={Information Processing Letters},
  volume={40},
  number={3},
  pages={131--136},
  year={1991},
  publisher={Elsevier}
}

@incollection{guyot1996synchronizable,
  title={Synchronizable checking sequences based on UIO sequences},
  author={Guyot, S and Ural, H},
  booktitle={Protocol Test Systems VIII},
  pages={385--397},
  year={1996},
  publisher={Springer}
}

@article{wu1998synchronizable,
  title={Synchronizable test sequence for multi-party protocol conformance testing},
  author={Wu, Wen-Jer and Chen, Wen-Huei and Tang, Chuan Yi},
  journal={Computer Communications},
  volume={21},
  number={13},
  pages={1177--1183},
  year={1998},
  publisher={Elsevier}
}

@article{tai1998synchronizable,
  title={Synchronizable test sequences of finite state machines},
  author={Tai, Kuo-Chung and Young, Yu-Chiou},
  journal={Computer Networks and ISDN Systems},
  volume={30},
  number={12},
  pages={1111--1134},
  year={1998},
  publisher={Elsevier}
}

@article{ural1993synchronizable,
  title={Synchronizable test sequence generation using UIO sequences},
  author={Ural, Hasan and Wang, Zhiping},
  journal={Computer Communications},
  volume={16},
  number={10},
  pages={653--661},
  year={1993},
  publisher={Elsevier}
}

@article{chen1995synchronizable,
  title={Synchronizable test sequences based on multiple UIO sequences},
  author={Chen, Wen-Huei and Ural, Hasan},
  journal={IEEE/ACM Transactions on Networking (TON)},
  volume={3},
  number={2},
  pages={152--157},
  year={1995},
  publisher={IEEE Press}
}

@article{dhavachelvan2006new,
  title={A new approach in development of distributed framework for automated software testing using agents},
  author={Dhavachelvan, P and Uma, GV and Venkatachalapathy, VSK},
  journal={Knowledge-Based Systems},
  volume={19},
  number={4},
  pages={235--247},
  year={2006},
  publisher={Elsevier}
}

@article{hierons2012oracles,
  title={Oracles for distributed testing},
  author={Hierons, Robert M},
  journal={Software Engineering, IEEE Transactions on},
  volume={38},
  number={3},
  pages={629--641},
  year={2012},
  publisher={IEEE}
}

@article{Thane2001463,
    title = "Testing distributed real-time systems ",
    journal = "Microprocessors and Microsystems ",
    volume = "24",
    number = "9",
    pages = "463 - 478",
    year = "2001",
    author = "H. Thane and H. Hansson",
    publisher = {Elsevier}
}

@article{Lastovetsky2005657,
    title = "Parallel testing of distributed software ",
    journal = "Information and Software Technology ",
    volume = "47",
    number = "10",
    pages = "657 - 662",
    year = "2005",
    author = "Alexey Lastovetsky",
    publisher = {Elsevier}
}

@inproceedings{frank2010dependable,
  title={Dependable distributed testing: Can the online proctor be reliably computerized?},
  author={Frank, Ariel J},
  booktitle={e-Business (ICE-B), Proceedings of the 2010 International Conference on},
  pages={1--10},
  year={2010},
  organization={IEEE}
}

@inproceedings{chu2008distributed,
  title={Distributed in vivo testing of software applications},
  author={Chu, Matt and Murphy, Christian and Kaiser, Gail},
  booktitle={Software Testing, Verification, and Validation, 2008 1st International Conference on},
  pages={509--512},
  year={2008},
  organization={IEEE}
}

@inproceedings{lesueur2006distributed,
  title={Distributed Tests: An {ARMY} Perspective},
  author={LeSueur, KG and Yetzer, Ken and Stokes, Mike and Krishnamurthy, Ashok and Chalker, Alan},
  booktitle={HPCMP Users Group Conference, 2006},
  pages={337--346},
  year={2006},
  organization={IEEE}
}

@inproceedings{li2004distributed,
  title={Distributed testing of multi input/output transition system},
  author={Li, Zhongjie and Yin, Xia and Wu, Jianping},
  booktitle={Software Engineering and Formal Methods, 2004. SEFM 2004. Proceedings of the Second International Conference on},
  pages={271--280},
  year={2004},
  organization={IEEE}
}

@inproceedings{duarte2006gridunit,
  title={Grid{U}nit: software testing on the grid},
  author={Duarte, Alexandre and Cirne, Walfredo and Brasileiro, Francisco and Machado, Patr{\'\i}cia},
  booktitle={Proceedings of the 28th international conference on Software engineering},
  pages={779--782},
  year={2006},
  organization={ACM}
}

@article{ben2001bug,
  title={The bug that destroyed a rocket},
  author={Ben-Ari, Mordechai},
  journal={ACM SIGCSE Bulletin},
  volume={33},
  number={2},
  pages={58},
  year={2001}
}

@article{mellor1994cad,
  title={{CAD}: {C}omputer-{A}ided {D}isaster},
  author={Mellor, Peter},
  journal={HIGH INTEGR SYST},
  volume={1},
  number={2},
  pages={101--156},
  year={1994}
}

@Book{antlr4reference,
  title={{T}he {D}efinitive {ANTLR}4 {R}eference},
  author={Terence Parr},
  publisher={The Pragmatic Bookshelf},
  year={2013}
}

@misc{antlrwiki,
    title     = {{ANTLR}},
    note     = {\url{http://en.wikipedia.org/wiki/ANTLR}}
}

@misc{javawiki,
    title     = "Java (programming language)",
    note     = {\url{http://en.wikipedia.org/wiki/Java_(programming_language)}}
}

@misc{llparserwiki,
    title     = {{LL} parser},
    note     = {\url{http://en.wikipedia.org/wiki/LL_parser}}
}

@misc{ebnfwiki,
    title     = {{Extended Backus-Naur Form}},
    note     = {\url{{http://en.wikipedia.org/wiki/Extended_Backus-Naur_Form}}}
}

@inproceedings{ottenstein1984program,
  title={The program dependence graph in a software development environment},
  author={Ottenstein, Karl J and Ottenstein, Linda M},
  booktitle={ACM Sigplan Notices},
  volume={19},
  number={5},
  pages={177--184},
  year={1984},
  organization={ACM}
}

@inproceedings{larsen1996slicing,
  title={Slicing object-oriented software},
  author={Larsen, Loren and Harrold, Mary Jean},
  booktitle={Software Engineering, 1996., Proceedings of the 18th International Conference on},
  pages={495--505},
  year={1996},
  organization={IEEE}
}

@inproceedings{zhao1998applying,
  title={Applying program dependence analysis to Java software},
  author={Zhao, Jianjun},
  booktitle={Proceedings of Workshop on Software Engineering and Database Systems, 1998 International Computer Symposium},
  pages={162--169},
  year={1998},
  organization={Citeseer}
}

@inproceedings{liang1998slicing,
  title={Slicing objects using system dependence graphs},
  author={Liang, Donglin and Harrold, Mary Jean},
  booktitle={Software Maintenance, 1998. Proceedings. International Conference on},
  pages={358--367},
  year={1998},
  organization={IEEE}
}

@inproceedings{kovacs1996static,
  title={Static slicing of java programs},
  author={Kov{\'a}cs, Gyula and Magyar, Ferenc and Gyim{\'o}thy, Tibor},
  booktitle={University},
  year={1996},
  organization={Citeseer}
}

@incollection{chambers2000dependence,
  title={Dependence analysis for Java},
  author={Chambers, Craig and Pechtchanski, Igor and Sarkar, Vivek and Serrano, Mauricio J and Srinivasan, Harini},
  booktitle={Languages and Compilers for Parallel Computing},
  pages={35--52},
  year={2000},
  publisher={Springer}
}

@inproceedings{tonella1997flow,
  title={Flow insensitive C++ pointers and polymorphism analysis and its application to slicing},
  author={Tonella, Paolo and Antoniol, Giuliano and Fiutem, Roberto and Merlo, Ettore},
  booktitle={Proceedings of the 19th international conference on Software engineering},
  pages={433--443},
  year={1997},
  organization={ACM}
}

@article{grove1997call,
  title={Call graph construction in object-oriented languages},
  author={Grove, David and DeFouw, Greg and Dean, Jeffrey and Chambers, Craig},
  journal={ACM SIGPLAN Notices},
  volume={32},
  number={10},
  pages={108--124},
  year={1997},
  publisher={ACM}
}

@inproceedings{banning1979efficient,
  title={An efficient way to find the side effects of procedure calls and the aliases of variables},
  author={Banning, John P},
  booktitle={Proceedings of the 6th ACM SIGACT-SIGPLAN symposium on Principles of programming languages},
  pages={29--41},
  year={1979},
  organization={ACM}
}

@inproceedings{sinha1999system,
  title={System-dependence-graph-based slicing of programs with arbitrary interprocedural control flow},
  author={Sinha, Saurabh and Harrold, Mary Jean and Rothermel, Gregg},
  booktitle={Software Engineering, 1999. Proceedings of the 1999 International Conference on},
  pages={432--441},
  year={1999},
  organization={IEEE}
}

@incollection{hatcliff1999formal,
  title={A formal study of slicing for multi-threaded programs with JVM concurrency primitives},
  author={Hatcliff, John and Corbett, James and Dwyer, Matthew and Sokolowski, Stefan and Zheng, Hongjun},
  booktitle={Static Analysis},
  pages={1--18},
  year={1999},
  publisher={Springer}
}

@misc{regressionwiki,
  title={{S}oftware {R}egression},
  note={\url{http://en.wikipedia.org/wiki/Software_regression}}
}

@misc{wikiregressiontesting,
  title={{S}oftware {R}egression},
  note={\url{http://en.wikipedia.org/wiki/Regression_testing}}
}

@article{kernighan1978elements,
  title={The elements of programming style},
  author={Kernighan, Brian W and Plauger, Phillip James},
  journal={The elements of programming style, by Kernighan, Brian W.; Plauger, PJ New York: McGraw-Hill, c1978.},
  volume={1},
  year={1978}
}

@techreport{harrold1997aristotle,
  title={Aristotle A system for research on and development of program analysis based tools},
  author={Harrold, Mary Jean and Rothermel, Gregg},
  year={1997},
  institution={Citeseer}
}

@article{bible1999unifying,
  title={A unifying framework supporting the analysis and development of safe regression test selection techniques},
  author={Bible, John and Rothermel, Gregg},
  journal={CSE Technical reports},
  pages={8},
  year={1999}
}

@misc{javareflection,
  title={{Java Reflection API}},
  note={\url{http://docs.oracle.com/javase/7/docs/technotes/guides/reflection/index.html}}
}

@misc{astyle,
  title = {{Artistic Style}},
  note={\url{http://astyle.sourceforge.net/}}
}

@misc{uncrustify,
  title = {{Uncrustify}},
  note={\url{http://uncrustify.sourceforge.net/}}
}

@misc{greatcode,
  title = {{GC GreatCode}},
  note={\url{http://sourceforge.net/projects/gcgreatcode/}}
}

@inproceedings{rothermel1994selecting,
  title={Selecting tests and identifying test coverage requirements for modified software},
  author={Rothermel, Gregg and Harrold, Mary Jean},
  booktitle={Proceedings of the 1994 ACM SIGSOFT international symposium on Software testing and analysis},
  pages={169--184},
  year={1994},
  organization={ACM}
}

@inproceedings{briand2004using,
  title={Using simulation to empirically investigate test coverage criteria based on statechart},
  author={Briand, Lionel C and Labiche, Yvan and Wang, Yihong},
  booktitle={Proceedings of the 26th International Conference on Software Engineering},
  pages={86--95},
  year={2004},
  organization={IEEE Computer Society}
}

@article{petrenko1996fault,
  title={On fault coverage of tests for finite state specifications},
  author={Petrenko, Alexandre and Bochmann, Gv and Yao, M},
  journal={Computer Networks and ISDN Systems},
  volume={29},
  number={1},
  pages={81--106},
  year={1996},
  publisher={Elsevier}
}


@article{king1976symbolic,
  title={Symbolic execution and program testing},
  author={King, James C},
  journal={Communications of the ACM},
  volume={19},
  number={7},
  pages={385--394},
  year={1976},
  publisher={ACM}
}

@article{elbaum2002test,
  title={Test case prioritization: A family of empirical studies},
  author={Elbaum, Sebastian and Malishevsky, Alexey G and Rothermel, Gregg},
  journal={Software Engineering, IEEE Transactions on},
  volume={28},
  number={2},
  pages={159--182},
  year={2002},
  publisher={IEEE}
}


%
%
%%%%%%%%%%%%%%%%%%%%%%%%%%%%%%%%%%%%%%%%%%%%%%%%%%%%%%%%%%%%%%%%%%%%%%%%%%%%%%%%%%%%%%%%%%%%%%%%%%%%%%%%%%%%%%%%%%%%%%%%%%%
%
% DUMMY SECTION
%










@Article{hu98,
  author =	 {Yong-Lin Hu and W.J. Rogers and D.A. Coast and
                  C.M. Kramer and N. Reichek},
  title =	 {Vessel Boundary Extraction Based on a Global and
                  Local Deformable Physical Model with Variable
                  Stiffness},
  journal =	 {Magnetic Resonance Imaging},
  year =	 1998,
  volume =	 16,
  number =	 8,
  pages =	 {943--951}
}

@Book{watt98,
  author =	 {Alan Watt and Fabio Policarpo},
  title =	 {The Computer Image},
  publisher =	 {Addison-Wesley},
  year =	 1998
}

@TechReport{morales99,
  author = 	 {Cristina Canero Morales},
  title = 	 {Deformable Models applied in Medical Imaging},
  institution =  {Computer Vision Center},
  year = 	 1999
}

@InProceedings{hall95,
  author =	 {Peter Hall and Peter Andreae and Milton Ngan},
  title =	 {Reconstruction of blood vessel networks from a few
                  perspective projections},
  booktitle =	 {Conference Proceedings on Second New Zealand
                  International Two-Stream},
  pages =	 {369--372},
  year =	 1995
}

@Misc{kristensen96,
  author =	 {Jan Kristensen},
  title =	 {Robotter skal ind pÃ¥ danske hospitaler},
  howpublished = {Jyllandsposten},
  month =	 {21.~september},
  year =	 1996
}

@inproceedings{sengupta2006research,
  title={A research agenda for distributed software development},
  author={Sengupta, Bikram and Chandra, Satish and Sinha, Vibha},
  booktitle={Proceedings of the 28th international conference on Software engineering},
  pages={731--740},
  year={2006},
  organization={ACM}
}

@Booklet{taylor98,
  title = 	 {The GNU Configure and Build System},
  author =	 {Ian Lance Taylor},
  howpublished = {Cygnus Solutions},
  year =	 1998
}
